<?xml version="1.0" encoding="UTF-8"?><collection xmlns="http://www.loc.gov/MARC21/slim"><record><leader>00813nam--2200205-i-4500</leader><controlfield tag="001">000001605</controlfield><controlfield tag="002">20161230</controlfield><controlfield tag="005">20161230201024</controlfield><controlfield tag="008">060222s1000------------r-----000-0-eng-d</controlfield><datafield ind1=" " ind2=" " tag="040"><subfield code="a">IFIN-HH</subfield></datafield><datafield ind1=" " ind2=" " tag="080"><subfield code="a">530.1(061.3):539.12.162.8(061.3)</subfield></datafield><datafield ind1="1" ind2=" " tag="100"><subfield code="a">Glaser, Donald</subfield></datafield><datafield ind1="1" ind2="0" tag="245"><subfield code="a">Orbis scientiae. fundamental theories in physics</subfield><subfield code="b">Studies in the natural sciences. volume 5</subfield><subfield code="c">Donald glaser, behram kursunoglu, sidney meshkov, edward teller (orbis scienciae moderators) stephen l. mintz, larence mittag, susan m. widmayer (eds.) chui-shuen hui, joseph f. malerba (scientific secretaires)</subfield></datafield><datafield ind1=" " ind2=" " tag="260"><subfield code="a">New York</subfield><subfield code="b">Plenum Press</subfield><subfield code="c">1974</subfield></datafield><datafield ind1=" " ind2=" " tag="300"><subfield code="a">VI + 248 P</subfield></datafield><datafield ind1="1" ind2=" " tag="300"><subfield code="a">248P</subfield></datafield><datafield ind1=" " ind2=" " tag="490"><subfield code="a">Studies In The Natural Sciences</subfield></datafield><datafield ind1="1" ind2=" " tag="700"><subfield code="a">Malerba, Joseph F</subfield></datafield><datafield ind1=" " ind2=" " tag="852"><subfield code="a">46547</subfield><subfield code="c">539</subfield></datafield><datafield ind1=" " ind2=" " tag="CAT"><subfield code="a">Sys</subfield><subfield code="c">20111011</subfield><subfield code="h">154800</subfield></datafield></record></collection>